<?xml version="1.0" encoding="UTF-8"?><collection xmlns="http://www.loc.gov/MARC21/slim"><record><leader>00493nam--2200169-i-4500</leader><controlfield tag="001">000023966</controlfield><controlfield tag="002">20161230</controlfield><controlfield tag="005">20161230201035</controlfield><controlfield tag="008">060222s1000------------r-----000-0-eng-d</controlfield><datafield ind1=" " ind2=" " tag="040"><subfield code="a">IFIN-HH</subfield></datafield><datafield ind1=" " ind2=" " tag="080"><subfield code="a">53(075.8)</subfield></datafield><datafield ind1="1" ind2=" " tag="100"><subfield code="a">Hagelberg, M. Paul</subfield></datafield><datafield ind1="1" ind2="0" tag="245"><subfield code="a">Physics. an introduction for students of science and engineering</subfield><subfield code="c">M. paul hagelberg</subfield></datafield><datafield ind1=" " ind2=" " tag="260"><subfield code="a">Englewood Cliffs, New Jersey</subfield><subfield code="b">Prentice-hall Inc</subfield><subfield code="c">1973</subfield></datafield><datafield ind1=" " ind2=" " tag="300"><subfield code="a">XII+752P</subfield></datafield><datafield ind1=" " ind2=" " tag="852"><subfield code="a">42212</subfield><subfield code="c">53</subfield></datafield><datafield ind1=" " ind2=" " tag="CAT"><subfield code="a">Sys</subfield><subfield code="c">20150319</subfield><subfield code="h">083532</subfield></datafield></record></collection>